<?xml version="1.0" encoding="UTF-8"?><collection xmlns="http://www.loc.gov/MARC21/slim"><record><leader>00535nam--2200181-i-4500</leader><controlfield tag="001">000023090</controlfield><controlfield tag="002">20161230</controlfield><controlfield tag="005">20161230201034</controlfield><controlfield tag="008">060222s1000------------r-----000-0-eng-d</controlfield><datafield ind1=" " ind2=" " tag="040"><subfield code="a">IFIN-HH</subfield></datafield><datafield ind1=" " ind2=" " tag="080"><subfield code="a">53(07)</subfield></datafield><datafield ind1="1" ind2=" " tag="100"><subfield code="a">Halliday, David</subfield></datafield><datafield ind1="1" ind2="0" tag="245"><subfield code="a">Fundamentals of phsics. with the assistance of farres edwards and john merrill</subfield><subfield code="c">David halliday, robert resnick</subfield></datafield><datafield ind1=" " ind2=" " tag="260"><subfield code="a">New York</subfield><subfield code="b">John Wiley &amp; Sons, Inc</subfield><subfield code="c">1970</subfield></datafield><datafield ind1=" " ind2=" " tag="300"><subfield code="a">XVII + 827 P</subfield></datafield><datafield ind1="1" ind2=" " tag="700"><subfield code="a">Resnick, Robert</subfield></datafield><datafield ind1=" " ind2=" " tag="852"><subfield code="a">35538</subfield><subfield code="c">53</subfield></datafield><datafield ind1=" " ind2=" " tag="CAT"><subfield code="a">Sys</subfield><subfield code="c">20150310</subfield><subfield code="h">150435</subfield></datafield></record></collection>